<?xml version="1.0" encoding="UTF-8"?><collection xmlns="http://www.loc.gov/MARC21/slim"><record><leader>00406nam--2200133-i-4500</leader><controlfield tag="001">000033089</controlfield><controlfield tag="002">20161230</controlfield><controlfield tag="005">20161230201039</controlfield><controlfield tag="008">060222s1000------------r-----000-0-eng-d</controlfield><datafield ind1=" " ind2=" " tag="080"><subfield code="a">621.31</subfield></datafield><datafield ind1=" " ind2=" " tag="100"><subfield code="a">Mansurov, N.N., Popov, V.S., Nicolaev, S.A</subfield></datafield><datafield ind1=" " ind2=" " tag="245"><subfield code="a">Electrotehnica. trad.din l.rusa, dupa editia a doua revizuita</subfield></datafield><datafield ind1=" " ind2=" " tag="260"><subfield code="a">[Bucuresti], Ed.Energ.De Stat, 1954, 502p.Cu Ilustr.+ Erata</subfield></datafield><datafield ind1=" " ind2=" " tag="852"><subfield code="a">3500</subfield></datafield></record></collection>